@inbook{
	Levenshtein,
	author="Левенштейн, В. И.",
	title="Двоичные коды с исправлением выпадений, вставок и замещений символов",
	publisher="-- М.: Доклады АН СССР",
	volume=163,
	chapter=4,
	pages="845--848",
	language="russian",
	year=1965
}

@misc{color,
	title="Сердце цифровой фотокамеры: ПЗС-матрица (часть четвёртая) [электронный ресурс]",
	howpublished="Режим доступа: \url{https://www.ferra.ru/review/multimedia/71885.htm} (дата обращения: 05.11.2020)"
}

